
@article{scheirer_toward_2013,
	title = {Toward {Open} {Set} {Recognition}},
	volume = {35},
	issn = {1939-3539},
	doi = {10.1109/TPAMI.2012.256},
	number = {7},
	journal = {IEEE Transactions on Pattern Analysis and Machine Intelligence},
	author = {Scheirer, W. J. and Rocha, A. de Rezende and Sapkota, A. and Boult, T. E.},
	month = jul,
	year = {2013},
	keywords = {learning (artificial intelligence), Humans, Testing, Training, 1-class SVM, 1-vs-set machine, Animals, Automated, binary SVM, Biometric Identification, Caltech 256 sets, closed set recognition, computer vision, Computer-Assisted, constrained minimization problem, decision space, Face, face matching, face recognition, Face recognition, face verification, image matching, Image Processing, ImageNet sets, labeled faces, large scale cross-dataset, linear kernel, machine learning, machine learning-based recognition algorithms, marginal distances, minimisation, object recognition, Object recognition, open set recognition, Open set recognition, Pattern Recognition, support vector machines, Support vector machines, Support Vector Machines, Training data, training time, wild set},
	pages = {1757--1772}
}

@inproceedings{bendale_towards_2015,
	title = {Towards open world recognition},
	booktitle = {Proceedings of the {IEEE} conference on computer vision and pattern recognition},
	author = {Bendale, Abhijit and Boult, Terrance},
	year = {2015},
	pages = {1893--1902}
}

@article{scheirer_probability_2014,
	title = {Probability models for open set recognition},
	volume = {36},
	number = {11},
	journal = {IEEE transactions on pattern analysis and machine intelligence},
	author = {Scheirer, Walter J and Jain, Lalit P and Boult, Terrance E},
	year = {2014},
	note = {Publisher: IEEE},
	pages = {2317--2324}
}

@inproceedings{jain_multi-class_2014,
	title = {Multi-class open set recognition using probability of inclusion},
	booktitle = {European {Conference} on {Computer} {Vision}},
	publisher = {Springer},
	author = {Jain, Lalit P and Scheirer, Walter J and Boult, Terrance E},
	year = {2014},
	pages = {393--409}
}

@article{abe_analysis_2003,
	title = {Analysis of multiclass support vector machines},
	volume = {21},
	number = {3},
	journal = {Thyroid},
	author = {Abe, Shigeo},
	year = {2003},
	pages = {3772}
}

@inproceedings{perez_you_2018,
	title = {You are your metadata: {Identification} and obfuscation of social media users using metadata information},
	booktitle = {Twelfth {International} {AAAI} {Conference} on {Web} and {Social} {Media}},
	author = {Perez, Beatrice and Musolesi, Mirco and Stringhini, Gianluca},
	year = {2018}
}