
@article{liang_wang_silhouette_2003,
	title = {Silhouette analysis-based gait recognition for human identification},
	volume = {25},
	issn = {1939-3539},
	doi = {10.1109/TPAMI.2003.1251144},
	number = {12},
	journal = {IEEE Transactions on Pattern Analysis and Machine Intelligence},
	author = {{Liang Wang} and {Tieniu Tan} and {Huazhong Ning} and {Weiming Hu}},
	month = dec,
	year = {2003},
	keywords = {Algorithm design and analysis, computer vision, Computer vision, eigenspace transformation, eigenvalues and eigenfunctions, feature extraction, gait analysis, gait recognition, human identification, Humans, image motion analysis, Image recognition, Image segmentation, image sequence, image sequences, Image sequences, input feature space, Legged locomotion, lower dimensional eigenspace, object recognition, pattern classification, Pattern classification, Pattern recognition, principal component analysis, Principal component analysis, spatial temporal silhouette images, spatiotemporal phenomena, subtraction algorithm, supervised pattern classification, time varying distance signals, walking figure},
	pages = {1505--1518}
}

@article{han_individual_2006,
	title = {Individual recognition using gait energy image},
	volume = {28},
	issn = {1939-3539},
	doi = {10.1109/TPAMI.2006.38},
	number = {2},
	journal = {IEEE Transactions on Pattern Analysis and Machine Intelligence},
	author = {Han, J. and Bhanu, B.},
	month = feb,
	year = {2006},
	keywords = {Algorithms, Artificial Intelligence, Automated, Biological, Biometrics, Biometry, Character recognition, Computational modeling, Computer-Assisted, distortion analysis, feature fusion, Fingerprint recognition, Gait, gait analysis, gait energy image, Hidden Markov models, human recognition, human walking properties, Humans, Image Interpretation, image recognition, Image recognition, Index Terms- Gait recognition, individual recognition, Information Storage and Retrieval, Iris, Joints, Legged locomotion, Models, Pattern Recognition, performance evaluation, Photography, real and synthetic templates, Reproducibility of Results, Sensitivity and Specificity, Spatial databases, spatio-temporal gait representation, statistical gait features, Video Recording, video.},
	pages = {316--322}
}