
@article{scheirer_toward_2013,
	title = {Toward {Open} {Set} {Recognition}},
	volume = {35},
	issn = {1939-3539},
	doi = {10.1109/TPAMI.2012.256},
	number = {7},
	journal = {IEEE Transactions on Pattern Analysis and Machine Intelligence},
	author = {Scheirer, W. J. and Rocha, A. de Rezende and Sapkota, A. and Boult, T. E.},
	month = jul,
	year = {2013},
	keywords = {learning (artificial intelligence), Humans, Testing, Training, 1-class SVM, 1-vs-set machine, Animals, Automated, binary SVM, Biometric Identification, Caltech 256 sets, closed set recognition, computer vision, Computer-Assisted, constrained minimization problem, decision space, Face, face matching, face recognition, Face recognition, face verification, image matching, Image Processing, ImageNet sets, labeled faces, large scale cross-dataset, linear kernel, machine learning, machine learning-based recognition algorithms, marginal distances, minimisation, object recognition, Object recognition, open set recognition, Open set recognition, Pattern Recognition, support vector machines, Support vector machines, Support Vector Machines, Training data, training time, wild set},
	pages = {1757--1772}
}

@inproceedings{bendale_towards_2015,
	title = {Towards open world recognition},
	booktitle = {Proceedings of the {IEEE} conference on computer vision and pattern recognition},
	author = {Bendale, Abhijit and Boult, Terrance},
	year = {2015},
	pages = {1893--1902}
}

@article{scheirer_probability_2014,
	title = {Probability models for open set recognition},
	volume = {36},
	number = {11},
	journal = {IEEE transactions on pattern analysis and machine intelligence},
	author = {Scheirer, Walter J and Jain, Lalit P and Boult, Terrance E},
	year = {2014},
	note = {Publisher: IEEE},
	pages = {2317--2324}
}

@inproceedings{jain_multi-class_2014,
	title = {Multi-class open set recognition using probability of inclusion},
	booktitle = {European {Conference} on {Computer} {Vision}},
	publisher = {Springer},
	author = {Jain, Lalit P and Scheirer, Walter J and Boult, Terrance E},
	year = {2014},
	pages = {393--409}
}


@article{liang_wang_silhouette_2003,
	title = {Silhouette analysis-based gait recognition for human identification},
	volume = {25},
	issn = {1939-3539},
	doi = {10.1109/TPAMI.2003.1251144},
	number = {12},
	journal = {IEEE Transactions on Pattern Analysis and Machine Intelligence},
	author = {{Liang Wang} and {Tieniu Tan} and {Huazhong Ning} and {Weiming Hu}},
	month = dec,
	year = {2003},
	keywords = {Algorithm design and analysis, computer vision, Computer vision, eigenspace transformation, eigenvalues and eigenfunctions, feature extraction, gait analysis, gait recognition, human identification, Humans, image motion analysis, Image recognition, Image segmentation, image sequence, image sequences, Image sequences, input feature space, Legged locomotion, lower dimensional eigenspace, object recognition, pattern classification, Pattern classification, Pattern recognition, principal component analysis, Principal component analysis, spatial temporal silhouette images, spatiotemporal phenomena, subtraction algorithm, supervised pattern classification, time varying distance signals, walking figure},
	pages = {1505--1518}
}

@article{han_individual_2006,
	title = {Individual recognition using gait energy image},
	volume = {28},
	issn = {1939-3539},
	doi = {10.1109/TPAMI.2006.38},
	number = {2},
	journal = {IEEE Transactions on Pattern Analysis and Machine Intelligence},
	author = {Han, J. and Bhanu, B.},
	month = feb,
	year = {2006},
	keywords = {Algorithms, Artificial Intelligence, Automated, Biological, Biometrics, Biometry, Character recognition, Computational modeling, Computer-Assisted, distortion analysis, feature fusion, Fingerprint recognition, Gait, gait analysis, gait energy image, Hidden Markov models, human recognition, human walking properties, Humans, Image Interpretation, image recognition, Image recognition, Index Terms- Gait recognition, individual recognition, Information Storage and Retrieval, Iris, Joints, Legged locomotion, Models, Pattern Recognition, performance evaluation, Photography, real and synthetic templates, Reproducibility of Results, Sensitivity and Specificity, Spatial databases, spatio-temporal gait representation, statistical gait features, Video Recording, video.},
	pages = {316--322}
}

@article{tian2019free,
  title={Free-view gait recognition},
  author={Tian, Yonghong and Wei, Lan and Lu, Shijian and Huang, Tiejun},
  journal={PloS one},
  volume={14},
  number={4},
  year={2019},
  publisher={Public Library of Science}
}


@article{abe_analysis_2003,
	title = {Analysis of multiclass support vector machines},
	volume = {21},
	number = {3},
	journal = {Thyroid},
	author = {Abe, Shigeo},
	year = {2003},
	pages = {3772}
}

@incollection{beigi2011speaker,
  title={Speaker recognition},
  author={Beigi, Homayoon},
  booktitle={Fundamentals of Speaker Recognition},
  pages={543--559},
  year={2011},
  publisher={Springer}
}

@article{tolba2006face,
  title={Face recognition: A literature review},
  author={Tolba, AS and El-Baz, AH and El-Harby, AA},
  journal={International Journal of Signal Processing},
  volume={2},
  number={2},
  pages={88--103},
  year={2006},
  publisher={Citeseer}
}

@inproceedings{martinson2013identifying,
  title={Identifying people with soft-biometrics at fleet week},
  author={Martinson, Eric and Lawson, Wallace and Trafton, J Gregory},
  booktitle={2013 8th ACM/IEEE International Conference on Human-Robot Interaction (HRI)},
  pages={49--56},
  year={2013},
  organization={IEEE}
}

@inproceedings{jain2004soft,
  title={Soft biometric traits for personal recognition systems},
  author={Jain, Anil K and Dass, Sarat C and Nandakumar, Karthik},
  booktitle={International conference on biometric authentication},
  pages={731--738},
  year={2004},
  organization={Springer}
}

@inproceedings{irfan2018multi,
  title={Multi-modal open-set person identification in hri},
  author={Irfan, Bahar and Lyubova, Natalia and Ortiz, Michael Garcia and Belpaeme, Tony},
  booktitle={2018 HRI Workshop},
  year={2018}
}

@inproceedings{turk1991face,
  title={Face recognition using eigenfaces},
  author={Turk, Matthew and Pentland, Alex},
  booktitle={Proceedings. 1991 IEEE computer society conference on computer vision and pattern recognition},
  pages={586--587},
  year={1991}
}

@article{parkhi2015deep,
  title={Deep face recognition},
  author={Parkhi, Omkar M and Vedaldi, Andrea and Zisserman, Andrew},
  year={2015},
  publisher={British Machine Vision Association}
}

@inproceedings{alonso2014speaker,
  title={Speaker Identification using Three Signal Voice Domains during Human-Robot Interaction:[Late Breaking Reports]},
  author={Alonso-Mart{\'\i}n, Fernando and Ramey, Arnaud and Salichs, Miguel Angel},
  booktitle={2014 9th ACM/IEEE International Conference on Human-Robot Interaction (HRI)},
  pages={114--115},
  year={2014},
  organization={IEEE}
}


@misc{ami_corpus, title={Welcome to the AMI Corpus}, url={http://groups.inf.ed.ac.uk/ami/corpus/}, journal={AMI Corpus}} 

